<?xml version="1.0" encoding="UTF-8"?><record xmlns="http://www.loc.gov/MARC21/slim" xmlns:cinclude="http://apache.org/cocoon/include/1.0" xmlns:zs="http://www.loc.gov/zing/srw/">
  <leader>00428nz  a2200121n  4500</leader>
  <controlfield tag="001">n  85819433 </controlfield>
  <controlfield tag="003">DLC</controlfield>
  <controlfield tag="005">19851011070014.5</controlfield>
  <controlfield tag="008">851011n| acannaab|          |n aad |||  </controlfield>
  <datafield tag="010" ind1=" " ind2=" ">
    <subfield code="a">n  85819433 </subfield>
  </datafield>
  <datafield tag="040" ind1=" " ind2=" ">
    <subfield code="a">DLC</subfield>
    <subfield code="c">DLC</subfield>
  </datafield>
  <datafield tag="100" ind1="1" ind2="0">
    <subfield code="a">Pascuzzi, Deborah Lou,</subfield>
    <subfield code="d">1950-</subfield>
  </datafield>
  <datafield tag="670" ind1=" " ind2=" ">
    <subfield code="a">nuc85-62945: Her Young children's perceptions of success and failure [MI] 1981</subfield>
    <subfield code="b">(hdg. on ICarbS rept.: Pascuzzi, Deborah Lou, 1950- ; usage: Deborah Lou Pascuzzi)</subfield>
  </datafield>
</record>